
@book{Wieringa2014,
  title={Design science methodology for information systems and software engineering},
  author={Wieringa, Roel J},
  year={2014},
  publisher={Springer}
}
@article{Gregor2013,
  title={Positioning and presenting design science research for maximum impact},
  author={Gregor, Shirley and Hevner, Alan R},
  journal={MIS quarterly},
  volume={37},
  number={2},
  year={2013}
}
    
@inproceedings{Hamari2014,
  booktitle = {Proceedings of the Annual Hawaii International Conference on System Sciences},
  title = {Does gamification work? - A literature review of empirical studies on gamification},
  author = {Juho Hamari and Jonna Koivisto and Harri Sarsa},
  year = {2014},
  pages = {3025--3034},
  publisher = {IEEE Computer Society},
  doi = {10.1109/HICSS.2014.377},
  issn = {15301605},
  isbn = {9781479925049}
}
@article{Liu2017,
  journal = {MIS Quarterly},
  title = {Toward Meaningful Engagement: A Framework for Design and Research of Gamified Information Systems},
  author = {De Liu and Radhika Santhanam and Jane Webster},
  year = {2017},
  month = {4},
  pages = {1011--1034},
  volume = {41},
  doi = {10.25300/MISQ/2017/41.4.01},
  issn = {02767783},
  isbn = {9780874216561},
  number = {4},
  url = {https://misq.org/toward-meaningful-engagement-a-framework-for-design-and-research-of-gamified-information-systems.html}
}